<?xml version="1.0" encoding="UTF-8"?>
<record xmlns="http://www.loc.gov/MARC21/slim" xmlns:xsi="http://www.w3.org/2001/XMLSchema-instance" xsi:schemaLocation="http://www.loc.gov/MARC21/slim http://www.loc.gov/standards/marcxml/schema/MARC21slim.xsd">
<leader>     nam a2200217   4500</leader>
<controlfield tag="001">001680055</controlfield>
<controlfield tag="003">NNU</controlfield>
<controlfield tag="005">20001218221905.0</controlfield>
<controlfield tag="008">891024s1939    ua            00  0 ara</controlfield>
<datafield tag="010" ind1=" " ind2=" ">
<subfield code="a">60024014</subfield>
</datafield>
<datafield tag="035" ind1="9" ind2=" ">
<subfield code="a">NYUb12223453</subfield>
</datafield>
<datafield tag="035" ind1=" " ind2=" ">
<subfield code="a">(CStRLIN)DCGGB15223851-B</subfield>
</datafield>
<datafield tag="100" ind1="1" ind2=" ">
<subfield code="a">Ḥusayn, Ṭāhā,</subfield>
<subfield code="d">1889-1973.</subfield>
</datafield>
<datafield tag="245" ind1="1" ind2="0">
<subfield code="a">Maʻa Abī al-ʻAlāʼ fī sijnih /</subfield>
<subfield code="c">Ṭāhā Ḥusayn.</subfield>
</datafield>
<datafield tag="260" ind1=" " ind2=" ">
<subfield code="a">Miṣr :</subfield>
<subfield code="b">Maṭbaʻat al-Maʻārif wa-Maktabatuhā,</subfield>
<subfield code="c">1939.</subfield>
</datafield>
<datafield tag="300" ind1=" " ind2=" ">
<subfield code="a">245 p. ;</subfield>
<subfield code="c">21 cm.</subfield>
</datafield>
<datafield tag="500" ind1=" " ind2=" ">
<subfield code="a">Cover title.</subfield>
</datafield>
<datafield tag="600" ind1="0" ind2="0">
<subfield code="a">Abū al-ʻAlāʼ al-Maʻarrī,</subfield>
<subfield code="d">973-1057.</subfield>
</datafield>
<datafield tag="OWN" ind1=" " ind2=" ">
<subfield code="a">GENERAL</subfield>
</datafield>
<datafield tag="950" ind1=" " ind2=" ">
<subfield code="l">BMAIN</subfield>
<subfield code="a">PJ7750.A25</subfield>
<subfield code="b">Z85</subfield>
</datafield>
<datafield tag="955" ind1=" " ind2=" ">
<subfield code="l">BMAIN</subfield>
<subfield code="c">1</subfield>
<subfield code="r">028859646</subfield>
</datafield>
<datafield tag="955" ind1=" " ind2=" ">
<subfield code="l">BMAIN</subfield>
<subfield code="c">2</subfield>
<subfield code="r">028859653</subfield>
</datafield>
<datafield tag="998" ind1=" " ind2=" ">
<subfield code="s">9115</subfield>
</datafield>
<datafield tag="AVA" ind1=" " ind2=" ">
<subfield code="a">NYU50</subfield>
<subfield code="b">BOBST</subfield>
<subfield code="c">Main Collection</subfield>
<subfield code="d">PJ7750.A25 Z85</subfield>
<subfield code="e">unavailable</subfield>
<subfield code="t">Unavailable</subfield>
<subfield code="f">1</subfield>
<subfield code="g">1</subfield>
<subfield code="h">N</subfield>
<subfield code="i">2</subfield>
<subfield code="j">MAIN</subfield>
<subfield code="k">0</subfield>
</datafield>
</record>
